% This file was created with JabRef 2.8.1.
% Encoding: Cp1252

@ELECTRONIC{fueltable,
  title = {Fuel Consumption Chart},
  organization = {Diesel service and Supply},
  url = {http://www.dieselserviceandsupply.com/temp/Fuel_Consumption_Chart.pdf},
  owner = {jon},
  timestamp = {2012.11.29}
}

@STANDARD{FIPA,
  title = {FIPA Communicative Act Library Specification},
  organization = {FOUNDATION FOR INTELLIGENT PHYSICAL AGENTS},
  institution = {Foundation for Intelligent Physical Agents},
  number = {SC00037J},
  month = {12},
  year = {2002},
  url = {http://www.fipa.org/specs/fipa00037/SC00037J.html},
  owner = {jon},
  timestamp = {2012.11.28}
}

